
@misc{noauthor_home_nodate,
	title = {Home - {MiKTeX}.org},
	url = {https://miktex.org/},
	urldate = {2020-10-15},
	file = {Home - MiKTeX.org:C\:\\Users\\user\\Zotero\\storage\\D8TWDI3G\\miktex.org.html:text/html}
}

@misc{noauthor_getting_nodate,
	title = {Getting {MiKTeX} - {MiKTeX}.org},
	url = {https://miktex.org/download},
	urldate = {2020-10-15},
	file = {Getting MiKTeX - MiKTeX.org:C\:\\Users\\user\\Zotero\\storage\\9KT34CXT\\download.html:text/html}
}

@misc{noauthor_texniccenter_nodate,
	title = {{TeXnicCenter}},
	url = {https://www.texniccenter.org/},
	language = {en-US},
	urldate = {2020-10-15},
	file = {Snapshot:C\:\\Users\\user\\Zotero\\storage\\C2IML7U4\\www.texniccenter.org.html:text/html}
}

@misc{noauthor_texniccenter_nodate-1,
	title = {{TeXnicCenter} » {Download}},
	url = {https://www.texniccenter.org/download/},
	language = {en-US},
	urldate = {2020-10-15},
	file = {Snapshot:C\:\\Users\\user\\Zotero\\storage\\DBM6P4Y7\\download.html:text/html}
}

@article{hoffmann_listings_nodate,
	title = {The {Listings} {Package}},
	abstract = {The listings package is a source code printer for LATEX. You can typeset stand alone ﬁles as well as listings with an environment similar to verbatim as well as you can print code snippets using a command similar to {\textbackslash}verb. Many parameters control the output and if your preferred programming language isn’t already supported, you can make your own deﬁnition.},
	language = {en},
	author = {Hoffmann, Jobst},
	pages = {62},
	file = {Hoffmann - The Listings Package.pdf:C\:\\Users\\user\\Zotero\\storage\\4RZVQ9UT\\Hoffmann - The Listings Package.pdf:application/pdf}
}

@misc{noauthor_zotero_nodate,
	title = {Zotero {\textbar} {Downloads}},
	url = {https://www.zotero.org/download/},
	urldate = {2020-10-15},
	file = {Zotero | Downloads:C\:\\Users\\user\\Zotero\\storage\\GHE5I5AT\\download.html:text/html}
}

@misc{noauthor_zotero_nodate-1,
	title = {Zotero {\textbar} {Your} personal research assistant},
	url = {https://www.zotero.org/},
	urldate = {2020-10-15},
	file = {Zotero | Your personal research assistant:C\:\\Users\\user\\Zotero\\storage\\H8B7IE6E\\www.zotero.org.html:text/html}
}

@misc{noauthor_materialy_nodate,
	title = {Materiały graficzne ({CI})},
	url = {https://www.put.poznan.pl/pl/media-i-promocja/materialy-graficzne-ci},
	abstract = {System Identyfikacji Wizualnej (CI), Politechnika Poznańska - technologie w pozytywnym klimacie. Zobacz naszą bogatą ofertę edukacyjną i przekonaj się, że warto u nas studiować!},
	language = {pl},
	urldate = {2020-10-15},
	journal = {Politechnika Poznańska - Poznan University of Technology},
	file = {Snapshot:C\:\\Users\\user\\Zotero\\storage\\IKEXMKSL\\materialy-graficzne-ci.html:text/html}
}

@misc{noauthor_gimp_nodate,
	title = {{GIMP}},
	url = {https://www.gimp.org/},
	abstract = {GIMP - The GNU Image Manipulation Program: The Free and Open Source Image Editor},
	language = {en},
	urldate = {2020-10-15},
	journal = {GIMP},
	file = {Snapshot:C\:\\Users\\user\\Zotero\\storage\\97X4J7FS\\www.gimp.org.html:text/html}
}

@misc{noauthor_latexadvanced_nodate,
	title = {{LaTeX}/{Advanced} {Mathematics} - {Wikibooks}, open books for an open world},
	url = {https://en.wikibooks.org/wiki/LaTeX/Advanced_Mathematics},
	urldate = {2020-10-15},
	file = {LaTeX/Advanced Mathematics - Wikibooks, open books for an open world:C\:\\Users\\user\\Zotero\\storage\\ZQEHTIXB\\Advanced_Mathematics.html:text/html}
}

@misc{noauthor_numbering_nodate,
	title = {numbering - align* but show one equation number at the end},
	url = {https://tex.stackexchange.com/questions/42726/align-but-show-one-equation-number-at-the-end},
	urldate = {2020-10-15},
	journal = {TeX - LaTeX Stack Exchange},
	file = {Snapshot:C\:\\Users\\user\\Zotero\\storage\\6DRLQG66\\align-but-show-one-equation-number-at-the-end.html:text/html}
}

@misc{noauthor_latex_nodate,
	title = {{LaTeX} {Wyrazenia} matematyczne.},
	url = {http://www.latex-kurs.x25.pl/paper/wyrazenia_matematyczne},
	urldate = {2020-10-15},
	file = {LaTeX Wyrażenia matematyczne.:C\:\\Users\\user\\Zotero\\storage\\3UJF2GMM\\wyrazenia_matematyczne.html:text/html}
}

@misc{noauthor_how_nodate,
	title = {How to write matrices in {Latex} ? matrix, pmatrix, bmatrix, vmatrix, (...) - math-linux.com},
	url = {https://www.math-linux.com/latex-26/faq/latex-faq/article/how-to-write-matrices-in-latex-matrix-pmatrix-bmatrix-vmatrix-vmatrix},
	urldate = {2020-10-15},
	file = {How to write matrices in Latex ? matrix, pmatrix, bmatrix, vmatrix, (...) - math-linux.com:C\:\\Users\\user\\Zotero\\storage\\EVVBFXBZ\\how-to-write-matrices-in-latex-matrix-pmatrix-bmatrix-vmatrix-vmatrix.html:text/html}
}

@misc{noauthor_multi-column_nodate,
	title = {Multi-column and multi-row cells in {LaTeX} tables – texblog},
	url = {https://texblog.org/2012/12/21/multi-column-and-multi-row-cells-in-latex-tables/},
	urldate = {2020-10-15}
}

@misc{noauthor_color_nodate,
	title = {Color {Table} {Series} {Part} 1: {Introduction} \& {Colortbl} {Package} – texblog},
	url = {https://texblog.org/2017/12/12/color-table-series-part-1-introduction-colortbl-package/},
	urldate = {2020-10-15}
}

@misc{noauthor_verbatim_nodate,
	title = {verbatim - {How} to show latex commands in text mode},
	url = {https://tex.stackexchange.com/questions/194854/how-to-show-latex-commands-in-text-mode},
	urldate = {2020-10-15},
	journal = {TeX - LaTeX Stack Exchange},
	file = {Snapshot:C\:\\Users\\user\\Zotero\\storage\\HS8U5PSE\\how-to-show-latex-commands-in-text-mode.html:text/html}
}

@misc{carsten_heinz_listings_nodate,
	title = {The {Listings} {Package}},
	url = {https://wiki.math.ntnu.no/_media/drift/stud/listings.pdf},
	urldate = {2020-10-15},
	author = {Carsten Heinz},
	file = {listings.pdf:C\:\\Users\\user\\Zotero\\storage\\RIJGIWCZ\\listings.pdf:application/pdf}
}
